@article{lindquist2008statistical,
  title={The statistical analysis of fMRI data},
  author={Lindquist, Martin A and others},
  journal={Statistical Science},
  volume={23},
  number={4},
  pages={439--464},
  year={2008},
  publisher={Institute of Mathematical Statistics}
}

@article{object_rec_main,
  title={Distributed and Overlapping Representations of Faces and Objects in Ventral Temporal Cortex},
  author = {Haxby, James V. and others},
  journal = {Science},
  volume={293},
  number={}, 
  pages={2425--2430},
  year={2001},
  publisher={Science}
}
	   