@article{lindquist2008statistical,
  title={Distributed and overlapping representations of faces and objects in ventral temporal cortex},
  author={Haxby JV, Gobbini MI, Furey ML, Ishai A, Schouten JL, and Pietrini P},
  journal={Science},
  volume={293},
  number={},
  pages={2425--2430},
  year={2001},
  publisher={Science}
}

@article{object_rec_main,
  title={Distributed and Overlapping Representations of Faces and Objects in Ventral Temporal Cortex},
  author = {Haxby, James V. and others},
  journal = {Science},
  volume={293},
  number={}, 
  pages={2425--2430},
  year={2001},
  publisher={Science}
}
	   